/data/cbm/library/cbm_own.bib