/data/cbm/library/cbm_library.bib